<record><leader>00000cas a22000007a 4500</leader><controlfield tag="001">12830034</controlfield><controlfield tag="008">851121d18621864vauwr ne      0    0eng d</controlfield><datafield ind1=" " ind2=" " tag="010"><subfield code="a">sn 85026962 </subfield></datafield><datafield ind1=" " ind2=" " tag="040"><subfield code="a">NPX</subfield><subfield code="b">eng</subfield><subfield code="c">NPX</subfield><subfield code="d">DLC</subfield><subfield code="d">NVK</subfield><subfield code="d">OCL</subfield><subfield code="d">DLC</subfield><subfield code="d">OCLCQ</subfield><subfield code="d">OCLCF</subfield></datafield><datafield ind1="1" ind2=" " tag="029"><subfield code="a">AU@</subfield><subfield code="b">000020234118</subfield></datafield><datafield ind1=" " ind2=" " tag="042"><subfield code="a">msc</subfield></datafield><datafield ind1=" " ind2=" " tag="043"><subfield code="a">n-us-va</subfield></datafield><datafield ind1="0" ind2="0" tag="050"><subfield code="a">Newspaper</subfield></datafield><datafield ind1="0" ind2=" " tag="130"><subfield code="a">Rockingham register (Harrisonburg, Va. : 1862)</subfield></datafield><datafield ind1="1" ind2="4" tag="245"><subfield code="a">The Rockingham register.</subfield></datafield><datafield ind1="1" ind2="7" tag="246"><subfield code="a">Rockingham register and Virginia advertiser</subfield></datafield><datafield ind1=" " ind2=" " tag="260"><subfield code="a">Harrisonburg, Va. :</subfield><subfield code="b">John H. Wartmann &amp; Co.</subfield></datafield><datafield ind1=" " ind2=" " tag="300"><subfield code="a">v. ;</subfield><subfield code="c">61 cm.</subfield></datafield><datafield ind1=" " ind2=" " tag="310"><subfield code="a">Weekly</subfield></datafield><datafield ind1="1" ind2=" " tag="362"><subfield code="a">Began in 1862; ceased in 1864.</subfield><subfield code="z">Cf. Cappon, L.J. Va. newspapers.</subfield></datafield><datafield ind1=" " ind2=" " tag="500"><subfield code="a">No masthead for issues between May 30-Sept. 26, 1862.</subfield></datafield><datafield ind1=" " ind2=" " tag="500"><subfield code="a">Issued on half-sheets, &lt;1864&gt;.</subfield></datafield><datafield ind1=" " ind2=" " tag="515"><subfield code="a">Suspended &lt;June&gt; 1864. Cf. Cappon, L.J. Va. newspapers.</subfield></datafield><datafield ind1=" " ind2=" " tag="515"><subfield code="a">Issue numbers for 1862 vary; duplicate in some issues.</subfield></datafield><datafield ind1=" " ind2=" " tag="588"><subfield code="a">Description based on: Vol. 40, no. 27 (May 30, 1862).</subfield></datafield><datafield ind1=" " ind2=" " tag="588"><subfield code="a">Latest issue consulted: Vol. 43, no. 9 (Dec. 16, 1864).</subfield></datafield><datafield ind1=" " ind2="0" tag="651"><subfield code="a">Rockingham County (Va.)</subfield><subfield code="v">Newspapers.</subfield></datafield><datafield ind1=" " ind2="0" tag="651"><subfield code="a">Harrisonburg (Va.)</subfield><subfield code="v">Newspapers.</subfield></datafield><datafield ind1=" " ind2="7" tag="655"><subfield code="a">Newspapers.</subfield><subfield code="2">fast</subfield><subfield code="0">(OCoLC)fst01423814</subfield></datafield><datafield ind1=" " ind2="7" tag="651"><subfield code="a">Virginia</subfield><subfield code="z">Harrisonburg.</subfield><subfield code="2">fast</subfield><subfield code="0">(OCoLC)fst01224814</subfield></datafield><datafield ind1=" " ind2="7" tag="651"><subfield code="a">Virginia</subfield><subfield code="z">Rockingham County.</subfield><subfield code="2">fast</subfield><subfield code="0">(OCoLC)fst01222827</subfield></datafield><datafield ind1=" " ind2=" " tag="752"><subfield code="a">United States</subfield><subfield code="b">Virginia</subfield><subfield code="d">Harrisonburg.</subfield></datafield><datafield ind1="0" ind2="0" tag="780"><subfield code="t">Rockingham register and advertiser (Harrisonburg, Va. : 1856)</subfield><subfield code="w">(DLC)sn 85026961</subfield><subfield code="w">(OCoLC)12828685</subfield></datafield><datafield ind1="0" ind2="0" tag="785"><subfield code="t">Rockingham register and advertiser (Harrisonburg, Va. : 1864)</subfield><subfield code="w">(DLC)sn 85026963</subfield><subfield code="w">(OCoLC)12830233</subfield></datafield></record>